@inproceedings{DBLP:journals/corr/abs-1909-07653,
  author    = {Lo{\"{\i}}c H{\'{e}}lou{\"{e}}t and
               Nicolas Markey and
               Ritam Raha},
  editor    = {J{\'{e}}r{\^{o}}me Leroux and
               Jean{-}Fran{\c{c}}ois Raskin},
  title     = {Reachability Games with Relaxed Energy Constraints},
  booktitle = {Proceedings Tenth International Symposium on Games, Automata, Logics,
               and Formal Verification, GandALF 2019, Bordeaux, France, 2-3rd September
               2019},
  series    = {{EPTCS}},
  volume    = {305},
  pages     = {17--33},
  year      = {2019},
  url       = {https://doi.org/10.4204/EPTCS.305.2},
  doi       = {10.4204/EPTCS.305.2},
  timestamp = {Mon, 15 Jun 2020 16:54:37 +0200},
  biburl    = {https://dblp.org/rec/journals/corr/abs-1909-07653.bib},
  bibsource = {dblp computer science bibliography, https://dblp.org},
  file = {relax_conf.pdf},
}

@inProceedings{10.1007/978-3-030-99524-9_14,
author="Raha Ritam
and Roy Rajarshi
and Fijalkow Nathana{\"e}l
and Neider Daniel",
editor="Fisman, Dana
and Rosu, Grigore",
title="Scalable Anytime Algorithms for Learning Fragments of Linear Temporal Logic",
booktitle="Tools and Algorithms for the Construction and Analysis of Systems",
year="2022",
publisher="Springer International Publishing",
address="Cham",
pages="263--280",
file= {scarlet.pdf},
isbn="978-3-030-99524-9",
doi= "https://doi.org/10.1007/978-3-030-99524-9_14",
}

@inProceedings{perez_et_al:LIPIcs.CSL.2022.33,
  author =  {Perez Guillermo and Raha Ritam},
  title = {{Revisiting Parameter Synthesis for One-Counter Automata}},
  booktitle = {30th EACSL Annual Conference on Computer Science Logic (CSL 2022)},
  pages = {33:1--33:18},
  series =  {Leibniz International Proceedings in Informatics (LIPIcs)},
  ISBN =  {978-3-95977-218-1},
  ISSN =  {1868-8969},
  year =  {2022},
  volume =  {216},
  editor =  {Manea, Florin and Simpson, Alex},
  address = {Dagstuhl, Germany},
  URL =   {https://drops.dagstuhl.de/opus/volltexte/2022/15753},
  URN =   {urn:nbn:de:0030-drops-157534},
  doi =   {10.4230/LIPIcs.CSL.2022.33},
  file= {poca.pdf},
}

@article{HELOUET2022104806,
title = {Reachability games with relaxed energy constraints},
journal = {Information and Computation},
year = {2022},
issn = {0890-5401},
file= {relax_jour.pdf},
doi = {https://doi.org/10.1016/j.ic.2021.104806},
url = {https://www.sciencedirect.com/science/article/pii/S089054012100122X},
author = {Loïc Hélouët and Nicolas Markey and Ritam Raha},
keywords = {Games, Energy},
}

@software{ritam_raha_2022_5890149,
  author       = {Ritam Raha and
                  Rajarshi Roy and
                  Nathanaël Fijalkow and
                  Daniel Neider},
  title        = {{SCARLET: Scalable Anytime Algorithm for Learning 
                   LTL}},
  month        = jan,
  year         = 2022,
  publisher    = {Zenodo},
  doi          = {10.5281/zenodo.5890149},
  url          = {https://doi.org/10.5281/zenodo.5890149},
  github       = {https://github.com/rajarshi008/Scarlet},
  website      = {https://scarlet.labri.fr/},
  package      = {https://pypi.org/project/Scarlet-ltl/0.0.1/},
}

@incollection{invited_mpi,
  publisher = {Invited talk on Revisiting Parameter Synthesis for One-Counter Automata at Max Planck Institue for Software Systems, Germany},
  video = {mpi_talk.mp4},
  slides= {mpi_slides.pdf},
  keywords = "invited",
}

@incollection{invited_UA,
  publisher = {Talk on Software Verification via Logic for Bachelors and Masters students at University of Antwerp, Belgium},
  slides= {UA_presentation.pdf},
  keywords = "invited",
}

@incollection{regular_highlights,
  publisher = {Talk on Learning Fragments in Linear Temporal Logic in HIGHLIGHTS 2022},
  keywords = "regular",
}

@thesis{Masters,
title = {Reachability Games with Strong and Relaxed Energy Constrainsts},
year = {2019},
author = {Ritam Raha},
file = {master_thesis.pdf},
}

@insubmissions{MTL,
title = "Synthesizing Efficiently Monitorable Formulas in Metric Temporal Logic",
year = {2022},
author = {Raha Ritam
and Roy Rajarshi
and Fijalkow Nathana{\"e}l
and Neider Daniel
and Per{\'e}z Guillermo"}
}

@insubmissions{POCA,
title = "Parikh One-Counter Automata",
year = {2022},
author = {Cadilhac Micha{\"e}l
and Ghosh Arka
and Per{\'e}z Guillermo
and Raha Ritam
}
}
  
}