@inproceedings{Helouet2019,
  author    = {Loïc Hélouët and
               Nicolas Markey and
               Ritam Raha},
  editor    = {J{\'{e}}r{\^{o}}me Leroux and
               Jean{-}Fran{\c{c}}ois Raskin},
  title     = {Reachability Games with Relaxed Energy Constraints},
  booktitle = {Proceedings Tenth International Symposium on Games, Automata, Logics,
               and Formal Verification, GandALF 2019, Bordeaux, France, 2-3rd September
               2019},
  series    = {{EPTCS}},
  volume    = {305},
  pages     = {17--33},
  year      = {2019},
  url       = {https://doi.org/10.4204/EPTCS.305.2},
  doi       = {10.4204/EPTCS.305.2},
  timestamp = {Mon, 15 Jun 2020 16:54:37 +0200},
  file = {relax_conf.pdf},
}

@inproceedings{RRFN2022,
author="Ritam Raha
and Rajarshi Roy
and Nathana{\"e}l Fijalkow
and Daniel Neider",
editor="Dana Fisman
and Grigore Rosu",
title="Scalable Anytime Algorithms for Learning Fragments of Linear Temporal Logic",
booktitle="Tools and Algorithms for the Construction and Analysis of Systems",
year="2022",
publisher="Springer International Publishing",
address="Cham",
pages="263--280",
file= {scarlet.pdf},
isbn="978-3-030-99524-9",
doi= "https://doi.org/10.1007/978-3-030-99524-9_14",
}

@inproceedings{perez2022,
  author =  {Guillermo Perez and Ritam Raha},
  title = {{Revisiting Parameter Synthesis for One-Counter Automata}},
  booktitle = {30th EACSL Annual Conference on Computer Science Logic (CSL 2022)},
  pages = {33:1--33:18},
  series =  {Leibniz International Proceedings in Informatics (LIPIcs)},
  ISBN =  {978-3-95977-218-1},
  ISSN =  {1868-8969},
  year =  {2022},
  volume =  {216},
  editor =  {Manea, Florin and Simpson, Alex},
  address = {Dagstuhl, Germany},
  URL =   {https://drops.dagstuhl.de/opus/volltexte/2022/15753},
  URN =   {urn:nbn:de:0030-drops-157534},
  doi =   {10.4230/LIPIcs.CSL.2022.33},
  file= {poca.pdf},
}

@article{HELOUET2022,
title = {Reachability games with relaxed energy constraints},
journal = {Information and Computation},
year = {2022},
issn = {0890-5401},
file= {relax_jour.pdf},
doi = {https://doi.org/10.1016/j.ic.2021.104806},
url = {https://www.sciencedirect.com/science/article/pii/S089054012100122X},
author = {Loïc Hélouët and Nicolas Markey and Ritam Raha},
keywords = {Games, Energy},
}

@article{JOSS2024,
doi = {10.21105/joss.05052},
url = {https://doi.org/10.21105/joss.05052},
year = {2024},
publisher = {The Open Journal},
volume = {9},
number = {93},
pages = {5052},
author = {Ritam Raha and Rajarshi Roy and Nathanaël Fijalkow and Daniel Neider},
title = {Scarlet: Scalable Anytime Algorithms for Learning Fragments of Linear Temporal Logic},
journal = {Journal of Open Source Software} 
}

@inproceedings{RahaMTL24,
author="Raha, Ritam
and Roy, Rajarshi
and Fijalkow, Nathana{\"e}l
and Neider, Daniel
and P{\'e}rez, Guillermo A.",
editor="Dimitrova, Rayna
and Lahav, Ori
and Wolff, Sebastian",
title="Synthesizing Efficiently Monitorable Formulas in Metric Temporal Logic",
booktitle="Verification, Model Checking, and Abstract Interpretation",
year="2024",
publisher="Springer Nature Switzerland",
address="Cham",
pages="264--288",
isbn="978-3-031-50521-8",
file = {MTL.pdf}
}

@inproceedings{Cadilhac23,
author       = {Micha{\"{e}}l Cadilhac and
                  Arka Ghosh and
                  Guillermo A. P{\'{e}}rez and
                  Ritam Raha},
  editor       = {J{\'{e}}r{\^{o}}me Leroux and
                  Sylvain Lombardy and
                  David Peleg},
  title        = {Parikh One-Counter Automata},
  booktitle    = {48th International Symposium on Mathematical Foundations of Computer
                  Science, {MFCS} 2023, August 28 to September 1, 2023, Bordeaux, France},
  series       = {LIPIcs},
  volume       = {272},
  pages        = {30:1--30:15},
  publisher    = {Schloss Dagstuhl - Leibniz-Zentrum f{\"{u}}r Informatik},
  year         = {2023},
  url          = {https://doi.org/10.4230/LIPIcs.MFCS.2023.30},
  doi          = {10.4230/LIPIcs.MFCS.2023.30},
  file         = {ParOCA.pdf}
}

@inproceedings{Bellis2023,
author       = {Stijn Bellis and
                  Joachim Denil and
                  Ramesh Krishnamurthy and
                  Tim Leys and
                  Guillermo A. P{\'{e}}rez and
                  Ritam Raha},
  editor       = {Olivier Bournez and
                  Enrico Formenti and
                  Igor Potapov},
  title        = {A Framework for the Competitive Analysis of Model Predictive Controllers},
  booktitle    = {Reachability Problems - 17th International Conference, {RP} 2023,
                  Nice, France, October 11-13, 2023, Proceedings},
  series       = {Lecture Notes in Computer Science},
  volume       = {14235},
  pages        = {141--154},
  publisher    = {Springer},
  year         = {2023},
  url          = {https://doi.org/10.1007/978-3-031-45286-4\_11},
  doi          = {10.1007/978-3-031-45286-4\_11},
  file         = {MPC.pdf}
  }

@software{SCARLET,
  author       = {Ritam Raha and
                  Rajarshi Roy and
                  Nathanaël Fijalkow and
                  Daniel Neider},
  title        = {{SCARLET: Scalable Anytime Algorithm for Learning 
                   LTL}},
  month        = jan,
  year         = 2022,
  publisher    = {Zenodo},
  doi          = {10.5281/zenodo.5890149},
  url          = {https://doi.org/10.5281/zenodo.5890149},
  github       = {https://github.com/rajarshi008/Scarlet},
  website      = {https://scarlet.labri.fr/},
  package      = {https://pypi.org/project/Scarlet-ltl/0.0.1/},
}

@software{TEAL,
  author       = {Ritam Raha and
                  Rajarshi Roy and
                  Nathanaël Fijalkow and
                  Daniel Neider and
                  Guillermo Perez},
  title        = {{TEAL: Synthesizing Efficiently Monitorable MTL 
                   }},
  github       = {https://github.com/ritamraha/Teal},
}

@incollection{invited_mpi,
  publisher = {Invited talk on Revisiting Parameter Synthesis for One-Counter Automata at Max Planck Institue for Software Systems, Germany},
  video = {mpi_talk.mp4},
  slides= {mpi_slides.pdf},
  keywords = "invited",
}

@incollection{invited_ulb,
  publisher = {Invited talk on Weighted Automata (with Ambiguity and Extensions) at Formal Methods and Verification Seminar - Université libre de Bruxelles},
  slides= {wa.pdf},
  keywords = "invited",
}

@incollection{CSS_talk,
  publisher = {Talk on Reachability Games with Relaxed Energy Constraints},
  slides= {../CSS_talk/index.html},
  keywords = "regular",
}

@incollection{invited_UA,
  publisher = {Talk on Software Verification via Logic for Bachelors and Masters students at University of Antwerp, Belgium},
  slides= {UA_presentation.pdf},
  keywords = "invited",
}

@incollection{regular_highlights,
  publisher = {Talk on Learning Fragments in Linear Temporal Logic in HIGHLIGHTS 2022},
  video = {highlights_talk.mp4},
  slides= {highlights_slides.pdf},
  keywords = "regular",
}

@mastersthesis{Masters,
title = {Reachability Games with Strong and Relaxed Energy Constrainsts},
year = {2019},
author = {Ritam Raha},
file = {master_thesis.pdf},
slides= {../thesis/index.html}
}

@phdthesis{Phd,
author       = {Ritam Raha},
title        = {Learning and Verifying Temporal Specifications for Cyber-physical
                  Systems},
school       = {University of Antwerp, Belgium & University of Bordeuax, France},
year         = {2023},
url          = {https://hdl.handle.net/10067/1986580151162165141},
file         = {raha_phd_thesis.pdf},
defenceslides= {https://1drv.ms/p/s!Ak7rtTf4AMy06m7f0lN_2syIEc3B}
} 
@inproceedings{Anand2025,
  author       = {Ashwani Anand and
                  Satya Prakash Nayak and
                  Ritam Raha and
                  Irmak Saglam and
                  Anne{-}Kathrin Schmuck},
  title        = {Fair Quantitative Games},
  booktitle    = {To appear in FOSSACS 2025},
  volume       = {abs/2501.17255},
  year         = {2025},
  file         = {fossacs2025.pdf},
}


}